@article{Blazek_2019,
   title={Beyond linear galaxy alignments},
   volume={100},
   ISSN={2470-0029},
   url={http://dx.doi.org/10.1103/PhysRevD.100.103506},
   DOI={10.1103/physrevd.100.103506},
   number={10},
   journal={Physical Review D},
   publisher={American Physical Society (APS)},
   author={Blazek, Jonathan A. and MacCrann, Niall and Troxel, M.â€‰A. and Fang, Xiao},
   year={2019},
   month={Nov}
}

